
   <record>
      <leader>00000nz  a2200000nc 4500</leader>
      <controlfield tag="001">institutions/51000580</controlfield>
      <controlfield tag="003">DE-633</controlfield>
      <controlfield tag="005">20250620052238.0</controlfield>
      <controlfield tag="008">180108||||z|||a|||||||||||||||||n||||||d</controlfield>
      <datafield tag="024" ind1="7" ind2=" ">
         <subfield code="a">125345224</subfield>
         <subfield code="2">VIAF</subfield>
      </datafield>
      <datafield tag="024" ind1="7" ind2=" ">
         <subfield code="a">DK-HAha</subfield>
         <subfield code="q">siglum</subfield>
         <subfield code="2">rism</subfield>
      </datafield>
      <datafield tag="034" ind1="1" ind2=" ">
         <subfield code="d">9.495539</subfield>
         <subfield code="f">55.232378</subfield>
      </datafield>
      <datafield tag="040" ind1=" " ind2=" ">
         <subfield code="a">DE-633</subfield>
         <subfield code="c">DE-633</subfield>
         <subfield code="e">rismg</subfield>
      </datafield>
      <datafield tag="043" ind1=" " ind2=" ">
         <subfield code="c">XA-DK</subfield>
      </datafield>
      <datafield tag="110" ind1="1" ind2=" ">
         <subfield code="a">Historisk Arkiv</subfield>
         <subfield code="c">Haderslev</subfield>
         <subfield code="g">DK-HAha</subfield>
      </datafield>
      <datafield tag="368" ind1=" " ind2=" ">
         <subfield code="a">Institution</subfield>
         <subfield code="a">Library</subfield>
         <subfield code="a">Archive</subfield>
      </datafield>
      <datafield tag="371" ind1=" " ind2=" ">
         <subfield code="a">Arkiv og kontor:</subfield>
         <subfield code="a">Kløvervej 87B</subfield>
         <subfield code="b">Haderslev</subfield>
         <subfield code="c">Syddanmark</subfield>
         <subfield code="d">Denmark</subfield>
         <subfield code="e">6100</subfield>
         <subfield code="m">arkiv@haderslev.dk</subfield>
         <subfield code="u">https://historiehaderslev.dk/historisk-arkiv/</subfield>
         <subfield code="z">tel: +45 / 74 34 78 00</subfield>
      </datafield>
      <datafield tag="371" ind1=" " ind2=" ">
         <subfield code="a">Læsesalen:</subfield>
         <subfield code="a">Bispebroen 3</subfield>
         <subfield code="b">Haderslev</subfield>
         <subfield code="c">Syddanmark</subfield>
         <subfield code="d">Denmark</subfield>
         <subfield code="e">6100</subfield>
         <subfield code="m">arkiv@haderslev.dk</subfield>
         <subfield code="u">https://historiehaderslev.dk/historisk-arkiv/</subfield>
         <subfield code="z">tel: +45 / 74 34 78 08</subfield>
      </datafield>
      <datafield tag="551" ind1="1" ind2=" ">
         <subfield code="a">Haderslev</subfield>
         <subfield code="0">places/3902452</subfield>
      </datafield>
   </record>