
   <record>
      <leader>00000nz  a2200000nc 4500</leader>
      <controlfield tag="001">institutions/51000583</controlfield>
      <controlfield tag="003">DE-633</controlfield>
      <controlfield tag="005">20250620052238.0</controlfield>
      <controlfield tag="008">180108||||z|||a|||||||||||||||||n||||||d</controlfield>
      <datafield tag="024" ind1="7" ind2=" ">
         <subfield code="a">256749101</subfield>
         <subfield code="2">VIAF</subfield>
      </datafield>
      <datafield tag="024" ind1="7" ind2=" ">
         <subfield code="a">DK-Ksmk</subfield>
         <subfield code="q">siglum</subfield>
         <subfield code="2">rism</subfield>
      </datafield>
      <datafield tag="034" ind1="1" ind2=" ">
         <subfield code="d">12.578361</subfield>
         <subfield code="f">55.688614</subfield>
      </datafield>
      <datafield tag="040" ind1=" " ind2=" ">
         <subfield code="a">DE-633</subfield>
         <subfield code="c">DE-633</subfield>
         <subfield code="e">rismg</subfield>
      </datafield>
      <datafield tag="043" ind1=" " ind2=" ">
         <subfield code="c">XA-DK</subfield>
      </datafield>
      <datafield tag="110" ind1="1" ind2=" ">
         <subfield code="a">Statens Museum for Kunst</subfield>
         <subfield code="c">København</subfield>
         <subfield code="g">DK-Ksmk</subfield>
      </datafield>
      <datafield tag="368" ind1=" " ind2=" ">
         <subfield code="a">Institution</subfield>
         <subfield code="a">Library</subfield>
         <subfield code="a">Other</subfield>
      </datafield>
      <datafield tag="371" ind1=" " ind2=" ">
         <subfield code="a">Sølvgade 48-50</subfield>
         <subfield code="b">København K</subfield>
         <subfield code="c">Hovedstaden</subfield>
         <subfield code="d">Denmark</subfield>
         <subfield code="e">1307</subfield>
         <subfield code="u">http://www.smk.dk/</subfield>
         <subfield code="z">tel: + 45 / 3374 8494</subfield>
         <subfield code="z">fax: +45 / 3374 8404</subfield>
      </datafield>
      <datafield tag="551" ind1="1" ind2=" ">
         <subfield code="a">København</subfield>
         <subfield code="0">places/3900414</subfield>
      </datafield>
   </record>