
   <record>
      <leader>00000nz  a2200000nc 4500</leader>
      <controlfield tag="001">institutions/51005278</controlfield>
      <controlfield tag="003">DE-633</controlfield>
      <controlfield tag="005">20250620052301.0</controlfield>
      <controlfield tag="008">210615||||z|||a|||||||||||||||||n||||||d</controlfield>
      <datafield tag="024" ind1="7" ind2=" ">
         <subfield code="a">143933120</subfield>
         <subfield code="2">VIAF</subfield>
      </datafield>
      <datafield tag="024" ind1="7" ind2=" ">
         <subfield code="a">Q144515</subfield>
         <subfield code="2">WKP</subfield>
      </datafield>
      <datafield tag="024" ind1="7" ind2=" ">
         <subfield code="a">DK-THflb</subfield>
         <subfield code="q">siglum</subfield>
         <subfield code="2">rism</subfield>
      </datafield>
      <datafield tag="034" ind1="1" ind2=" ">
         <subfield code="d">-6.778051430295578</subfield>
         <subfield code="f">62.007267611312884</subfield>
      </datafield>
      <datafield tag="040" ind1=" " ind2=" ">
         <subfield code="a">DE-633</subfield>
         <subfield code="c">DE-633</subfield>
         <subfield code="e">rismg</subfield>
      </datafield>
      <datafield tag="043" ind1=" " ind2=" ">
         <subfield code="c">XA-DK</subfield>
      </datafield>
      <datafield tag="110" ind1="1" ind2=" ">
         <subfield code="a">Føroya Landsbókasavn</subfield>
         <subfield code="c">Tórshavn</subfield>
         <subfield code="g">DK-THflb</subfield>
      </datafield>
      <datafield tag="368" ind1=" " ind2=" ">
         <subfield code="a">Institution</subfield>
         <subfield code="a">Library</subfield>
      </datafield>
      <datafield tag="371" ind1=" " ind2=" ">
         <subfield code="a">J.C. Svabos gøta 16</subfield>
         <subfield code="a">Postboks 61</subfield>
         <subfield code="b">Tórshavn</subfield>
         <subfield code="c">Føroyar</subfield>
         <subfield code="d">Danmark</subfield>
         <subfield code="e">110</subfield>
         <subfield code="m">lbs@landsbokasavnid.fo</subfield>
         <subfield code="u">https://landsbokasavnid.fo/</subfield>
      </datafield>
      <datafield tag="510" ind1="2" ind2=" ">
         <subfield code="a">National Library of the Faroe Islands</subfield>
      </datafield>
      <datafield tag="551" ind1="1" ind2=" ">
         <subfield code="a">Tórshavn</subfield>
         <subfield code="0">places/50004412</subfield>
      </datafield>
   </record>