
   <record>
      <leader>00000nz  a2200000nc 4500</leader>
      <controlfield tag="001">institutions/51000581</controlfield>
      <controlfield tag="003">DE-633</controlfield>
      <controlfield tag="005">20250620052238.0</controlfield>
      <controlfield tag="008">180108||||z|||a|||||||||||||||||n||||||d</controlfield>
      <datafield tag="024" ind1="7" ind2=" ">
         <subfield code="a">158277784</subfield>
         <subfield code="2">VIAF</subfield>
      </datafield>
      <datafield tag="024" ind1="7" ind2=" ">
         <subfield code="a">DK-Vra</subfield>
         <subfield code="q">siglum</subfield>
         <subfield code="2">rism</subfield>
      </datafield>
      <datafield tag="034" ind1="1" ind2=" ">
         <subfield code="d">9.407148</subfield>
         <subfield code="f">56.452944</subfield>
      </datafield>
      <datafield tag="040" ind1=" " ind2=" ">
         <subfield code="a">DE-633</subfield>
         <subfield code="c">DE-633</subfield>
         <subfield code="e">rismg</subfield>
      </datafield>
      <datafield tag="043" ind1=" " ind2=" ">
         <subfield code="c">XA-DK</subfield>
      </datafield>
      <datafield tag="110" ind1="1" ind2=" ">
         <subfield code="a">Rigsarkivet, Viborg</subfield>
         <subfield code="c">Viborg</subfield>
         <subfield code="g">DK-Vra</subfield>
      </datafield>
      <datafield tag="368" ind1=" " ind2=" ">
         <subfield code="a">Institution</subfield>
         <subfield code="a">Library</subfield>
         <subfield code="a">Archive</subfield>
      </datafield>
      <datafield tag="371" ind1=" " ind2=" ">
         <subfield code="a">Ll. Sct. Hans Gade 5</subfield>
         <subfield code="b">Viborg</subfield>
         <subfield code="c">Midtjylland</subfield>
         <subfield code="d">Denmark</subfield>
         <subfield code="e">8800</subfield>
         <subfield code="m">mailbox@sa.dk</subfield>
         <subfield code="u">https://www.sa.dk/da/brug-arkivet/besoeg-en-laesesal/rigsarkivets-laesesal-viborg/</subfield>
         <subfield code="z">tel: +45/ 33 92 33 10</subfield>
      </datafield>
      <datafield tag="410" ind1=" " ind2=" ">
         <subfield code="a">The Danish National Archives</subfield>
      </datafield>
      <datafield tag="410" ind1=" " ind2=" ">
         <subfield code="a">Landsarkivet for Nørrejylland</subfield>
      </datafield>
      <datafield tag="551" ind1="1" ind2=" ">
         <subfield code="a">Viborg</subfield>
         <subfield code="0">places/4000057</subfield>
      </datafield>
   </record>
</collection>
